
              <marcx:record format="danMARC2" type="BibliographicMain">
                <marcx:leader>00000n    2200000   4500</marcx:leader>
                <marcx:datafield ind1="0" ind2="0" tag="001">
                  <marcx:subfield code="a">51389549</marcx:subfield>
                  <marcx:subfield code="b">870970</marcx:subfield>
                  <marcx:subfield code="c">20141119200624</marcx:subfield>
                  <marcx:subfield code="d">20141029</marcx:subfield>
                  <marcx:subfield code="f">a</marcx:subfield>
                </marcx:datafield>
                <marcx:datafield ind1="0" ind2="0" tag="004">
                  <marcx:subfield code="r">n</marcx:subfield>
                  <marcx:subfield code="a">h</marcx:subfield>
                </marcx:datafield>
                <marcx:datafield ind1="0" ind2="0" tag="006">
                  <marcx:subfield code="d">0</marcx:subfield>
                  <marcx:subfield code="2">b</marcx:subfield>
                </marcx:datafield>
                <marcx:datafield ind1="0" ind2="0" tag="008">
                  <marcx:subfield code="u">f</marcx:subfield>
                  <marcx:subfield code="a">2014</marcx:subfield>
                  <marcx:subfield code="b">dk</marcx:subfield>
                  <marcx:subfield code="l">dan</marcx:subfield>
                  <marcx:subfield code="n">a</marcx:subfield>
                  <marcx:subfield code="x">06</marcx:subfield>
                  <marcx:subfield code="v">0</marcx:subfield>
                </marcx:datafield>
                <marcx:datafield ind1="0" ind2="0" tag="009">
                  <marcx:subfield code="a">m</marcx:subfield>
                  <marcx:subfield code="g">xe</marcx:subfield>
                </marcx:datafield>
                <marcx:datafield ind1="0" ind2="0" tag="239">
                  <marcx:subfield code="t">Danmarks industrialisering</marcx:subfield>
                </marcx:datafield>
                <marcx:datafield ind1="0" ind2="0" tag="245">
                  <marcx:subfield code="a">Danmarks industrialisering</marcx:subfield>
                </marcx:datafield>
                <marcx:datafield ind1="0" ind2="0" tag="260">
                  <marcx:subfield code="b">[Det Danske Filminstitut]</marcx:subfield>
                  <marcx:subfield code="c">[2014]</marcx:subfield>
                </marcx:datafield>
                <marcx:datafield ind1="0" ind2="0" tag="300">
                  <marcx:subfield code="a">4 dele</marcx:subfield>
                </marcx:datafield>
                <marcx:datafield ind1="0" ind2="0" tag="512">
                  <marcx:subfield code="a">Produktion: Nordisk Film Commercial (Danmark), for Industrirådet (Danmark), 1988</marcx:subfield>
                </marcx:datafield>
                <marcx:datafield ind1="0" ind2="0" tag="517">
                  <marcx:subfield code="&amp;">1</marcx:subfield>
                  <marcx:subfield code="a">Mærkning: Tilladt for alle</marcx:subfield>
                </marcx:datafield>
                <marcx:datafield ind1="0" ind2="0" tag="526">
                  <marcx:subfield code="a">Hertil hører bog: Finn Løkkegaard: Danmarks industrialisering 1840-1980'erne</marcx:subfield>
                </marcx:datafield>
                <marcx:datafield ind1="0" ind2="0" tag="652">
                  <marcx:subfield code="m">33.19</marcx:subfield>
                </marcx:datafield>
                <marcx:datafield ind1="0" ind2="0" tag="652">
                  <marcx:subfield code="p">60.96</marcx:subfield>
                </marcx:datafield>
                <marcx:datafield ind1="0" ind2="0" tag="666">
                  <marcx:subfield code="0"/>
                  <marcx:subfield code="f">industrialisering</marcx:subfield>
                </marcx:datafield>
                <marcx:datafield ind1="0" ind2="0" tag="666">
                  <marcx:subfield code="0"/>
                  <marcx:subfield code="f">industrihistorie</marcx:subfield>
                </marcx:datafield>
                <marcx:datafield ind1="0" ind2="0" tag="666">
                  <marcx:subfield code="0"/>
                  <marcx:subfield code="e">Danmark</marcx:subfield>
                </marcx:datafield>
                <marcx:datafield ind1="0" ind2="1" tag="700">
                  <marcx:subfield code="a">Cato</marcx:subfield>
                  <marcx:subfield code="h">Elsebeth</marcx:subfield>
                  <marcx:subfield code="4">drt</marcx:subfield>
                  <marcx:subfield code="g">1</marcx:subfield>
                </marcx:datafield>
              </marcx:record>