
              <marcx:record format="danMARC2" type="BibliographicVolume">
                <marcx:leader>00000n    2200000   4500</marcx:leader>
                <marcx:datafield ind1="0" ind2="0" tag="001">
                  <marcx:subfield code="a">51389662</marcx:subfield>
                  <marcx:subfield code="b">870970</marcx:subfield>
                  <marcx:subfield code="c">20150209074432</marcx:subfield>
                  <marcx:subfield code="d">20141029</marcx:subfield>
                  <marcx:subfield code="f">a</marcx:subfield>
                </marcx:datafield>
                <marcx:datafield ind1="0" ind2="0" tag="004">
                  <marcx:subfield code="r">n</marcx:subfield>
                  <marcx:subfield code="a">b</marcx:subfield>
                </marcx:datafield>
                <marcx:datafield ind1="0" ind2="0" tag="008">
                  <marcx:subfield code="t">m</marcx:subfield>
                  <marcx:subfield code="v">0</marcx:subfield>
                </marcx:datafield>
                <marcx:datafield ind1="0" ind2="0" tag="014">
                  <marcx:subfield code="a">51389549</marcx:subfield>
                </marcx:datafield>
                <marcx:datafield ind1="0" ind2="0" tag="032">
                  <marcx:subfield code="a">DBI201448</marcx:subfield>
                  <marcx:subfield code="x">BKM201448</marcx:subfield>
                  <marcx:subfield code="x">FSB201448</marcx:subfield>
                  <marcx:subfield code="x">FSC201448</marcx:subfield>
                  <marcx:subfield code="x">DAT991508</marcx:subfield>
                </marcx:datafield>
                <marcx:datafield ind1="0" ind2="0" tag="245">
                  <marcx:subfield code="g">Del 3</marcx:subfield>
                  <marcx:subfield code="a">1939-1980</marcx:subfield>
                </marcx:datafield>
                <marcx:datafield ind1="0" ind2="0" tag="300">
                  <marcx:subfield code="l">20 min.</marcx:subfield>
                  <marcx:subfield code="b">sort-hvid</marcx:subfield>
                </marcx:datafield>
                <marcx:datafield ind1="0" ind2="0" tag="504">
                  <marcx:subfield code="&amp;">1</marcx:subfield>
                  <marcx:subfield code="a">Om krigsøkonomien under 2. verdenskrig, de første efterkrigsår, Marshall-hjælpen og den begyndende liberalisering af den internationale handel, 1960'ernes højkonjunktur og dansk industris anden store vækstperiode og Danmarks tilslutning til EFTA og EF</marcx:subfield>
                </marcx:datafield>
                <marcx:datafield ind1="0" ind2="0" tag="666">
                  <marcx:subfield code="0"/>
                  <marcx:subfield code="i">1940-1949</marcx:subfield>
                </marcx:datafield>
                <marcx:datafield ind1="0" ind2="0" tag="666">
                  <marcx:subfield code="0"/>
                  <marcx:subfield code="i">1950-1959</marcx:subfield>
                </marcx:datafield>
                <marcx:datafield ind1="0" ind2="0" tag="666">
                  <marcx:subfield code="0"/>
                  <marcx:subfield code="i">1960-1969</marcx:subfield>
                </marcx:datafield>
                <marcx:datafield ind1="0" ind2="0" tag="666">
                  <marcx:subfield code="0"/>
                  <marcx:subfield code="i">1970-1979</marcx:subfield>
                </marcx:datafield>
                <marcx:datafield ind1="0" ind2="0" tag="856">
                  <marcx:subfield code="z">Adgangsmåde: Internet</marcx:subfield>
                  <marcx:subfield code="u">http://filmcentralen.dk//alle/film/danmarks-industrialisering-3</marcx:subfield>
                </marcx:datafield>
                <marcx:datafield ind1="0" ind2="0" tag="856">
                  <marcx:subfield code="z">Adgang til streaming for biblioteker med abonnement på Filmstriben</marcx:subfield>
                  <marcx:subfield code="u">http://www.filmstriben.dk/bibliotek/film/details.aspx?id=9000001343</marcx:subfield>
                </marcx:datafield>
                <marcx:datafield ind1="0" ind2="0" tag="856">
                  <marcx:subfield code="z">Adgang til streaming for skoler med abonnement på Filmcentralen</marcx:subfield>
                  <marcx:subfield code="u">http://filmcentralen.dk/grundskolen/film/danmarks-industrialisering-3</marcx:subfield>
                </marcx:datafield>
                <marcx:datafield ind1="0" ind2="0" tag="856">
                  <marcx:subfield code="z">Adgang til streaming for biblioteksbrugere i kommunere med abonnement på Filmstriben</marcx:subfield>
                  <marcx:subfield code="u">http://www.filmstriben.dk/fjernleje/film/details.aspx?id=9000001343</marcx:subfield>
                </marcx:datafield>
                <marcx:datafield ind1="0" ind2="0" tag="856">
                  <marcx:subfield code="z">Adgang til streaming for gymnasier med abonnement på Filmcentralen</marcx:subfield>
                  <marcx:subfield code="u">http://filmcentralen.dk//gymnasiet/film/danmarks-industrialisering-3</marcx:subfield>
                </marcx:datafield>
                <marcx:datafield ind1="0" ind2="0" tag="990">
                  <marcx:subfield code="o">201448</marcx:subfield>
                  <marcx:subfield code="b">v</marcx:subfield>
                  <marcx:subfield code="u">nt</marcx:subfield>
                </marcx:datafield>
              </marcx:record>
            </marcx:collection>
            <os:identifier>870970-basis:51389662</os:identifier>
            <os:primaryObjectIdentifier>870970-basis:51389662</os:primaryObjectIdentifier>
            <os:recordStatus>active</os:recordStatus>
            <os:creationDate>2014-10-29</os:creationDate>
            <os:holdingsCount>0</os:holdingsCount>
            <os:lendingLibraries>0</os:lendingLibraries>
            <os:relations>
              <os:relation>
                <os:relationType>dbcaddi:hasOnlineAccess</os:relationType>
                <os:relationUri>http://www.filmstriben.dk/bibliotek/filmdetails.aspx?id=http://filmcentralen.dk//alle/film/danmarks-industrialisering-3</os:relationUri>
                <os:linkObject>
                  <os:accessType>streaming</os:accessType>
                  <os:access>onsite</os:access>
                  <os:linkTo>website</os:linkTo>
                  <os:linkCollectionIdentifier>150021-bibliotek</os:linkCollectionIdentifier>
                  <os:linkCollectionIdentifier>870970-basis</os:linkCollectionIdentifier>
                </os:linkObject>
              </os:relation>
              <os:relation>
                <os:relationType>dbcaddi:hasOnlineAccess</os:relationType>
                <os:relationUri>http://www.filmstriben.dk/bibliotek/filmdetails.aspx?id=9000001343</os:relationUri>
                <os:linkObject>
                  <os:accessType>streaming</os:accessType>
                  <os:access>onsite</os:access>
                  <os:linkTo>website</os:linkTo>
                  <os:linkCollectionIdentifier>150021-bibliotek</os:linkCollectionIdentifier>
                  <os:linkCollectionIdentifier>870970-basis</os:linkCollectionIdentifier>
                </os:linkObject>
              </os:relation>
              <os:relation>
                <os:relationType>dbcaddi:hasOnlineAccess</os:relationType>
                <os:relationUri>http://www.filmstriben.dk/bibliotek/filmdetails.aspx?id=http://filmcentralen.dk/grundskolen/film/danmarks-industrialisering-3</os:relationUri>
                <os:linkObject>
                  <os:accessType>streaming</os:accessType>
                  <os:access>onsite</os:access>
                  <os:linkTo>website</os:linkTo>
                  <os:linkCollectionIdentifier>150021-bibliotek</os:linkCollectionIdentifier>
                  <os:linkCollectionIdentifier>870970-basis</os:linkCollectionIdentifier>
                </os:linkObject>
              </os:relation>
              <os:relation>
                <os:relationType>dbcaddi:hasOnlineAccess</os:relationType>
                <os:relationUri>http://www.filmstriben.dk/bibliotek/filmdetails.aspx?id=http://filmcentralen.dk//gymnasiet/film/danmarks-industrialisering-3</os:relationUri>
                <os:linkObject>
                  <os:accessType>streaming</os:accessType>
                  <os:access>onsite</os:access>
                  <os:linkTo>website</os:linkTo>
                  <os:linkCollectionIdentifier>150021-bibliotek</os:linkCollectionIdentifier>
                  <os:linkCollectionIdentifier>870970-basis</os:linkCollectionIdentifier>
                </os:linkObject>
              </os:relation>
            </os:relations>
            <os:formatsAvailable>
              <os:format>dkabm</os:format>
              <os:format>marcxchange</os:format>
            </os:formatsAvailable>
          </os:object>
        </os:collection>
      </ns1:originalData>
      <ns1:outputFormat>PLACEHOLDER</ns1:outputFormat>
      <ns1:trackingId>film_fsb_fsf_fsc_bind.xml.PLACEHOLDER</ns1:trackingId>
    </ns1:formatRequest>
  </SOAP-ENV:Body>
</SOAP-ENV:Envelope>
